@inproceedings{oppenheimer_why_2003,
	address = {Seattle WA, USA},
	title = {Why do {Internet} services fail, and what can be done about it?},
	booktitle = {4th {USENIX} Symp.~on {Internet} {Technologies} and {Systems} ({USITS}'03)},
	author = {Oppenheimer, D. and Ganapathi, A. and Patterson, D.},
	year = {2003}
}

